%% This BibTeX bibliography file was created using BibDesk.
%% http://bibdesk.sourceforge.net/

%% Created for Greg Scontras at 2017-08-25 08:54:24 -0700 


%% Saved with string encoding Unicode (UTF-8) 



@article{jasbietal2019,
	Author = {Masoud Jasbi and Brandon Waldon and Judith Degen},
	Date-Added = {2020-05-28 14:25:35 -0700},
	Date-Modified = {2020-05-28 14:26:59 -0700},
	Journal = {Frontiers in Psychology},
	Pages = {189},
	Title = {Linking Hypothesis and Number of Response Options Modulate Inferred Scalar Implicature Rate},
	Volume = {10},
	Year = {2019}}
	
@article{huangetal2013,
	Author = {Yi TIng Huang and Elizabeth Spelke and Jesse Snedeker},
	Date-Added = {2017-08-25 15:52:54 +0000},
	Date-Modified = {2017-08-25 15:54:24 +0000},
	Doi = {10.1080/15475441.2012.658731},
	Journal = {Language Learning and Development},
	Number = {2},
	Pages = {105-129},
	Title = {What exactly do numbers mean?},
	Volume = {9},
	Year = {2013}}

@article{spector2013,
	Author = {Benjamin Spector},
	Date-Added = {2017-08-25 15:46:31 +0000},
	Date-Modified = {2017-08-25 15:47:21 +0000},
	Doi = {10.1111/lnc3.12018},
	Journal = {Language and Linguistics Compass},
	Number = {5},
	Pages = {273-294},
	Title = {Bare numerals and scalar implicatures},
	Volume = {7},
	Year = {2013}}

@article{kennedy2015,
	Author = {Chris Kennedy},
	Date-Added = {2017-08-25 15:45:40 +0000},
	Date-Modified = {2017-08-25 15:46:22 +0000},
	Doi = {10.3765/sp.8.10},
	Journal = {Semantics and Pragmatics},
	Number = {10},
	Pages = {1-44},
	Title = {A ``de-{F}regean'' Semantics (and neo-{G}ricean Pragmatics) for Modified and Unmodified Numerals},
	Volume = {8},
	Year = {2015}}

@article{breheny2008,
	Author = {Richard Breheny},
	Date-Added = {2017-08-25 15:44:28 +0000},
	Date-Modified = {2017-08-25 15:45:16 +0000},
	Doi = {10.1093/jos/ffm016},
	Journal = {Journal of Semantics},
	Number = {2},
	Pages = {93-139},
	Title = {A New Look at the Semantics and Pragmatics of Numerically Quantified Noun Phrases},
	Volume = {25},
	Year = {2008}}

@incollection{geurts2006,
	Address = {Amsterdam},
	Author = {Bart Geurts},
	Booktitle = {Non-Definiteness and Plurality},
	Date-Added = {2017-08-25 15:42:50 +0000},
	Date-Modified = {2017-08-25 15:44:08 +0000},
	Doi = {10.1075/la.95.16geu},
	Editor = {Svetlana Vogeleer and Liliane Tasmowski},
	Pages = {311-329},
	Publisher = {Benjamins},
	Title = {Take Five: The Meaning and Use of a Number Word},
	Year = {2006}}

@article{scontrasgoodman2017,
	Author = {Gregory Scontras and Noah D. Goodman},
	Date-Added = {2017-08-21 16:07:33 +0000},
	Date-Modified = {2017-08-21 16:08:30 +0000},
	Doi = {10.1016/j.cognition.2017.07.002},
	Journal = {Cognition},
	Pages = {294-311},
	Title = {Resolving uncertainty in plural predication},
	Volume = {168},
	Year = {2017}}

@article{goodmanstuhlmuller2013,
	Author = {Goodman, Noah D and Stuhlm{\"u}ller, Andreas},
	Journal = {Topics in cognitive science},
	Number = {1},
	Pages = {173--184},
	Publisher = {Wiley Online Library},
	Title = {Knowledge and implicature: Modeling language understanding as social cognition},
	Volume = {5},
	Year = {2013}}

@article{crainetal1996,
	Author = {Crain, Stephen and Thornton, Rosalind and Boster, Carole and Conway, Laura and Lillo-Martin, Diane and Woodams, Elaine},
	Journal = {Language Acquisition},
	Number = {2},
	Pages = {83--153},
	Publisher = {Taylor \& Francis},
	Title = {Quantification without qualification},
	Volume = {5},
	Year = {1996}}

@article{kang2001quantifier,
	Author = {Kang, Hye-Kyung},
	Journal = {Lingua},
	Number = {8},
	Pages = {591--627},
	Publisher = {Elsevier},
	Title = {Quantifier spreading: Linguistic and pragmatic considerations},
	Volume = {111},
	Year = {2001}}

@article{rakhlin2007new,
	Author = {Rakhlin, Natalia},
	Journal = {Nanzan Linguistics},
	Pages = {239--282},
	Title = {A new pragmatic account of quantifier-spreading},
	Volume = {3},
	Year = {2007}}

@inproceedings{roeper2011quantifier,
	Author = {Roeper, Thomas and Pearson, Barbara Zurer and Grace, Margaret},
	Booktitle = {BUCLD},
	Pages = {526--539},
	Title = {Quantifier spreading is not distributive},
	Volume = {35},
	Year = {2011}}

@inproceedings{hamer2013discovering,
	Author = {Hamer, Aaron and Doumas, Leonidas AA},
	Booktitle = {CogSci},
	Title = {Discovering Quantification and Number in a Role-Filler Model.},
	Year = {2013}}

@book{grice1991studies,
	Author = {Grice, H Paul},
	Publisher = {Harvard University Press},
	Title = {Studies in the Way of Words},
	Year = {1991}}

@book{clark1996using,
	Author = {Clark, Herbert H},
	Publisher = {Cambridge university press},
	Title = {Using language},
	Year = {1996}}
	
@book{crainthornton1998,
	Author = {Crain, Stephen, and Rosalind Thornton},
	Publisher = {MIT Press},
	Address = {Cambridge, MA},
	Title = {Investigations in {U}niversal {G}rammar: A guide to research on the acquisition of syntax and semantics},
	Year = {1998}}

@inbook{Bach04,
	Author = {Kent Bach},
	Chapter = {Minding the Gap, in C. Bianchi (ed.)},
	Publisher = {Stanford: CSLI Publications},
	Title = {The Semantics/Pragmatics Distinction},
	Year = {2004}}

@phdthesis{musolino1998,
	Author = {Julien Musolino},
	School = {University of Maryland, College Park},
	Title = {Universal {G}rammar and the acquisition of semantic knowledge: An experimental investigation into the acquisition of quantifier-negation interaction in {E}nglish},
	Type = {Doctoral dissertation},
	Year = {1998}}

@inbook{goodmanlassiter2015,
	Author = {Goodman, Noah D. and Lassiter, Daniel},
	Booktitle = {The Handbook of Contemporary Semantic Theory, 2nd Edition},
	Editor = {Lappin, Shalom and Fox, Chris},
	Publisher = {Wiley-Blackwell},
	Title = {Probabilistic Semantics and Pragmatics: Uncertainty in Language and Thought},
	Website = {papers/GoodmanLassiter2015-Chapter.pdf},
	Year = {2015}}

@article{musolinolidz2006,
	Author = {Julien Musolino and Jeffrey Lidz},
	Journal = {Linguistics},
	Pages = {817-852},
	Title = {Why children aren't universally successful with quantification},
	Volume = {44},
	Year = {2006}}

@article{gualmini2008rise,
	Author = {Gualmini, Andrea},
	Journal = {Lingua},
	Number = {8},
	Pages = {1158--1176},
	Publisher = {Elsevier},
	Title = {The rise and fall of Isomorphism},
	Volume = {118},
	Year = {2008}}

@article{viauetal2010,
	Author = {Viau, Joshua and Lidz, Jeffrey and Musolino, Julien},
	Journal = {Language Acquisition},
	Number = {1-2},
	Pages = {26--50},
	Publisher = {Taylor \& Francis},
	Title = {Priming of abstract logical representations in 4-year-olds},
	Volume = {17},
	Year = {2010}}

@inproceedings{kaogoodman2015,
	Author = {Kao, Justine T and Goodman, Noah D.},
	Booktitle = {Proceedings of the Thirty-Seventh Annual Conference of the {C}ognitive {S}cience {S}ociety},
	Date-Modified = {2015-07-30 15:56:19 +0000},
	Title = {Let's talk (ironically) about the weather: Modeling verbal irony},
	Website = {papers/KaoEtAl2015-Cogsci.pdf},
	Year = {2015}}

@article{pearl2009using,
	Author = {Pearl, Lisa},
	Journal = {Experimental Methods in Language Acquisition Research},
	Pages = {163--184},
	Title = {Using computational modeling in language acquisition research},
	Year = {2009}}

@article{kaoetal2015,
	Author = {Kao, Justine T and Levy, Roger and Goodman, Noah D},
	Date-Modified = {2015-07-30 15:54:33 +0000},
	Journal = {Cognitive Science},
	Title = {A computational model of linguistic humor in puns},
	Website = {papers/KaoEtAl2015-CognitiveScience.pdf},
	Year = {2015}}

@article{pearl2015computational,
	Author = {Pearl, Lisa S and Sprouse, Jon},
	Journal = {Journal of Speech, Language, and Hearing Research},
	Publisher = {ASHA},
	Title = {Computational modeling for language acquisition: A tutorial with syntactic islands},
	Year = {2015}}

@misc{pearlstatistical,
	Author = {Pearl, L and Goldwater, S},
	Publisher = {Oxford handbook of developmental linguistics. Oxford University Press},
	Title = {Statistical learning, inductive bias, and bayesian inference in language acquisition}}

@article{conroyetal2009,
	Author = {Conroy, Anastasia and Lidz, Jeffrey and Musolino, Julien},
	Journal = {Language Acquisition},
	Number = {2},
	Pages = {106--117},
	Publisher = {Taylor \& Francis},
	Title = {The fleeting isomorphism effect},
	Volume = {16},
	Year = {2009}}

@article{gualmini2008question,
	Author = {Gualmini, Andrea and Hulsey, Sarah and Hacquard, Valentine and Fox, Danny},
	Journal = {Natural Language Semantics},
	Number = {3},
	Pages = {205--237},
	Publisher = {Springer},
	Title = {The question--answer requirement for scope assignment},
	Volume = {16},
	Year = {2008}}

@article{gualmini2004some,
	Author = {Gualmini, Andrea},
	Journal = {Linguistics},
	Pages = {957--982},
	Publisher = {WALTER DE GRUYTER \& CO.},
	Title = {Some knowledge children don't lack},
	Year = {2004}}

@inproceedings{bergenetal2012,
	Author = {Bergen, Leon and Goodman, Noah D and Levy, Roger},
	Booktitle = {Proceedings of the thirty-fourth annual conference of the cognitive science society},
	Organization = {Citeseer},
	Pages = {120--125},
	Title = {That's what she (could have) said: How alternative utterances affect language use},
	Year = {2012}}

@inproceedings{stiller2011ad,
	Author = {Stiller, Alex and Goodman, Noah D and Frank, Michael C},
	Booktitle = {Proceedings of the 33rd annual meeting of the cognitive science society, boston, july},
	Organization = {Citeseer},
	Title = {Ad-hoc scalar implicature in adults and children},
	Year = {2011}}

@misc{LidzScopeRev,
	Author = {Lidz, J},
	Publisher = {to appear in the Oxford handbook of developmental linguistics},
	Title = {Quantification and Scope in Child Language},
	Year = {2015}}

@article{frankgoodman2012,
	Author = {Frank, Michael C and Goodman, Noah D},
	Journal = {Science},
	Number = {6084},
	Pages = {998--998},
	Publisher = {American Association for the Advancement of Science},
	Title = {Predicting pragmatic reasoning in language games},
	Volume = {336},
	Year = {2012}}

@misc{bergenetal2014,
	Author = {Bergen, Leon and Levy, Roger and Goodman, Noah D},
	Title = {Pragmatic Reasoning through Semantic Inference},
	Year = {2014}}

@article{kaoetal2014,
	Author = {Kao, Justine T and Wu, Jean Y and Bergen, Leon and Goodman, Noah D},
	Journal = {Proceedings of the National Academy of Sciences},
	Number = {33},
	Pages = {12002--12007},
	Publisher = {National Academy of Sciences},
	Title = {Nonliteral understanding of number words},
	Volume = {111},
	Year = {2014}}

@inproceedings{kaoetal2014metaphor,
	Author = {Kao, Justine T and Bergen, Leon and Goodman, Noah D},
	Booktitle = {Proceedings of the 36th Annual Meeting of the Cognitive Science Society},
	Pages = {719--724},
	Title = {Formalizing the pragmatics of metaphor understanding},
	Year = {2014}}

@article{bergengoodman2015,
	Author = {Bergen, Leon and Goodman, Noah D},
	Journal = {Topics in cognitive science},
	Number = {2},
	Pages = {336--350},
	Publisher = {Wiley Online Library},
	Title = {The strategic use of noise in pragmatic reasoning},
	Volume = {7},
	Year = {2015}}

@inproceedings{pearl2011far,
	Author = {Pearl, Lisa and Mis, Benjamin},
	Booktitle = {Proceedings of the 33rd annual Conference of the Cognitive Science Society},
	Organization = {Citeseer},
	Pages = {879--884},
	Title = {How far can indirect evidence take us? Anaphoric one revisited},
	Year = {2011}}

@article{franketal2009,
	Author = {Frank, Michael C and Goodman, Noah D and Tenenbaum, Joshua B},
	Journal = {Psychological Science},
	Number = {5},
	Pages = {578--585},
	Publisher = {SAGE Publications},
	Title = {Using speakers' referential intentions to model early cross-situational word learning},
	Volume = {20},
	Year = {2009}}

@article{tieu2015,
	Author = {Tieu, Lyn},
	Journal = {Language Acquisition},
	Volume = {22},
	Pages = {310--325},
	Title = {Isomorphism for \emph{all} (but not \emph{both}): Floating as a means to investigate scope},
	Year = {2015}}

@article{musolino2006semantics,
	Author = {Musolino, Julien},
	Journal = {Language Learning and Development},
	Number = {3},
	Pages = {195--218},
	Publisher = {Taylor \& Francis},
	Title = {On the semantics of the subset principle},
	Volume = {2},
	Year = {2006}}

@book{grice1970logic,
	Author = {Grice, Herbert P},
	Publisher = {na},
	Title = {Logic and conversation},
	Year = {1970}}

@book{austin1975things,
	Author = {Austin, John Langshaw},
	Publisher = {Oxford university press},
	Title = {How to do things with words},
	Volume = {367},
	Year = {1975}}

@article{roberts2012information,
	Author = {Roberts, Craige},
	Journal = {Semantics and Pragmatics},
	Number = {6},
	Pages = {1--69},
	Publisher = {Citeseer},
	Title = {Information structure in discourse: Towards an integrated formal theory of pragmatics},
	Volume = {5},
	Year = {2012}}

@inproceedings{conroyetal2008,
	Author = {Conroy, Anastasia and Fults, Scott and Musolino, Julien and Lidz, Jeffrey},
	Booktitle = {Poster presented at the 21st CUNY Conference on Sentence Processing, March},
	Title = {Surface scope as a default: The effect of time in resolving quantifier scope ambiguity},
	Volume = {13},
	Year = {2008}}

@article{musolinolidz2003,
	Author = {Musolino, Julien and Lidz, Jeffrey},
	Journal = {Language Acquisition},
	Number = {4},
	Pages = {277--291},
	Publisher = {Taylor \& Francis},
	Title = {The scope of isomorphism: Turning adults into children},
	Volume = {11},
	Year = {2003}}

@article{lidzmusolino2002,
	Author = {Lidz, Jeffrey and Musolino, Julien},
	Journal = {Cognition},
	Number = {2},
	Pages = {113--154},
	Publisher = {Elsevier},
	Title = {Children's command of quantification},
	Volume = {84},
	Year = {2002}}

@article{noveck2007autism,
	Author = {Noveck, Ira A and Guelminger, Raphaele and Georgieff, Nicolas and Labruyere, Nelly},
	Journal = {Journal of Semantics},
	Number = {1},
	Pages = {73--90},
	Publisher = {Oxford Univ Press},
	Title = {What autism can reveal about every? not sentences},
	Volume = {24},
	Year = {2007}}

@inproceedings{degengoodman2014,
	Author = {Degen, Judith and Goodman, Noah D},
	Booktitle = {Proceedings of the 36th annual conference of the Cognitive Science Society},
	Pages = {397--402},
	Title = {Lost your marbles? The puzzle of dependent measures in experimental pragmatics},
	Year = {2014}}

@unpublished{tessler2016manuscript,
	Annote = {(Manuscript)},
	Author = {Tessler, Michael Henry and Goodman, Noah D.},
	Date-Modified = {2016-08-09 19:40:21 +0000},
	Journal = {arXiv:1608.02926},
	Note = {http://arxiv.org/abs/1608.02926},
	Title = {A Pragmatic Theory of Generic Language},
	Year = {2016}}

@inproceedings{lassitergoodman2013,
	Author = {Lassiter, D. and Goodman, N. D.},
	Booktitle = {Semantics and {L}inguistic {T}heory {(SALT)} 23},
	Date-Added = {2013-08-17 20:32:09 +0000},
	Date-Modified = {2015-12-21 20:38:44 +0000},
	Pages = {587--610},
	Title = {Context, scale structure, and statistics in the interpretation of positive-form adjectives},
	Website = {http://journals.linguisticsociety.org/proceedings/index.php/SALT/article/view/2658/2404},
	Year = {2013}}

@incollection{musolino2006structure,
	Author = {Musolino, Julien},
	Booktitle = {Semantics in Acquisition},
	Pages = {141--166},
	Publisher = {Springer},
	Title = {Structure and meaning in the acquisition of scope},
	Year = {2006}}

@article{hulsey2004question,
	Author = {Hulsey, Sarah and Hacquard, Valentine and Fox, Danny and Gualmini, Andrea},
	Journal = {MIT working papers in Linguistics},
	Pages = {71--90},
	Title = {The question-answer requirement and scope assignment},
	Volume = {48},
	Year = {2004}}

@article{wason1965contexts,
	Author = {Wason, Peter C},
	Journal = {Journal of verbal learning and verbal behavior},
	Number = {1},
	Pages = {7--11},
	Publisher = {Elsevier},
	Title = {The contexts of plausible denial},
	Volume = {4},
	Year = {1965}}

@phdthesis{anderson2004structure,
	Author = {Anderson, Catherine},
	School = {Northwestern University},
	Title = {The structure and real-time comprehension of quantifier scope ambiguity},
	Year = {2004}}

@inproceedings{crainmckee1985,
	Author = {Crain, Stephen and McKee, Cecile},
	Booktitle = {Proceedings of NELS},
	Pages = {94--110},
	Title = {The acquisition of structural restrictions on anaphora},
	Volume = {15},
	Year = {1985}}

@inproceedings{savinellietal2017,
	Author = {Savinelli, K.J and Scontras, Gregory and Pearl, Lisa},
	Booktitle = {{Proceedings of the 39th Annual Meeting of the Cognitive Science Society}},
	Title = {Modeling scope ambiguity resolution as pragmatic inference: Formalizing differences in child and adult behavior},
	Year = {2017}}

@article{gauker1986principle,
	Author = {Gauker, Christopher},
	Journal = {Synthese},
	Number = {1},
	Pages = {1--25},
	Publisher = {Springer},
	Title = {The principle of charity},
	Volume = {69},
	Year = {1986}}

@article{musolinoetal2000,
	Author = {Musolino, Julien and Crain, Stephen and Thornton, Rosalind},
	Journal = {Linguistics},
	Number = {1},
	Pages = {1--32},
	Title = {Navigating negative quantificational space},
	Volume = {38},
	Year = {2000}}

@article{goodmanfrank2016,
	Author = {Goodman, Noah D and Frank, Michael C},
	Date-Added = {2016-8-17 15:05:27 +0000},
	Date-Modified = {2016-8-17 14:55:10 +0000},
	Journal = {Trends in Cognitive Sciences},
	Number = {11},
	Pages = {818-829},
	Title = {Pragmatic language interpretation as probabilistic inference},
	Volume = {20},
	Website = {papers/GoodmanFrank2016-TICS.pdf},
	Year = {2016}}

@article{pearl2017,
  title={Evaluation, use, and refinement of knowledge representations through acquisition modeling},
  author={Pearl, Lisa},
  journal="{Language Acquisition}",
  volume={24},
  number={2},
  pages={126--147},
  year={2017},
  publisher={Taylor \& Francis}
}

@article{pearl2018lang,
  title={Fusion is great, and interpretable fusion could be exciting for theory generation},
  author={Pearl, Lisa},
  journal="{Language}",
  pages={126--147},
  year={in press},
}

@incollection{pearl2018chapter,
      author = "Lisa Pearl",
      year = "in press", 
      title = "Modeling syntactic acquisition",
      booktitle = "{Oxford Handbook of Experimental Syntax}",
      editor = "Jon Sprouse",
      publisher = "Oxford University Press",
      address = "Oxford, UK"
}

@article{pearletal2017,
  title={Large-scale sophisticated linguistic monitoring},
  author={Pearl, Lisa and Scontras, Gregory and Singh, Sameer},
  year={2017},
  journal="{A Decadal Survey of the Social and Behavioral Sciences for National Security}"
}

@incollection{pearllidz2013,
  title={Parameters in language acquisition},
  author={Pearl, Lisa and Lidz, Jeffrey},
  booktitle={The Cambridge handbook of biolinguistics},
  pages={129--159},
  year={2013}
}

@inproceedings{pearlmis2011,
        author = "Lisa Pearl and Benjamin Mis",
        year = "2011",
        title = "How {F}ar {C}an {I}ndirect {E}vidence {T}ake {U}s? {A}naphoric {O}ne {R}evisited",
       editor = "L. Carlson and C. H{\"o}schler and T. Shipley",
      booktitle = "Proceedings of the 33rd {A}nnual {C}onference of the {C}ognitive {S}cience {S}ociety  ",
      publisher = "Cognitive Science Society",
      address = "Austin, TX",
      pages = "879--884"
}

@article{pearlmis2016,
  title="{The role of indirect positive evidence in syntactic acquisition: A look at anaphoric one}",
  author={Pearl, Lisa and Mis, Benjamin},
  journal={Language},
  year={2016},
  volume = "92",
  number = "1",
  pages = "1-30"
}

@article{pearlsprouse2013,
  title="{Syntactic islands and learning biases: Combining experimental syntax and computational modeling to investigate the language acquisition problem}",
  author={Lisa Pearl and Jon Sprouse},
  journal="{Language Acquisition}",
  volume={20},
  number={1},
  pages={23--68},
  year={2013},
  publisher={Taylor \& Francis}
}

@incollection{pearlsprouse2013b,
      author = "Lisa Pearl and Jon Sprouse",
      year = "2013", 
      title = "{C}omputational {M}odels of {A}cquisition for {I}slands",
      booktitle = "Experimental {S}yntax and {I}slands {E}ffects",
      editor = "Jon Sprouse and Norbert Hornstein",
      publisher = "Cambridge University Press",
      address = "Cambridge",
      pages = "109--131"
}

@article{pearlsprouse2015,
  title="{Computational modeling for language acquisition: A tutorial with syntactic islands}",
  author={Pearl, Lisa and Sprouse, Jon},
  journal="{Journal of Speech, Language, and Hearing Research}",
  volume={58},
  number={3},
  pages={740--753},
  year={2015},
  publisher={ASHA}
}

@unpublished{pearlsprouse2018linking,
  title={Comparing solutions to the linking problem using an integrated quantitative framework of language acquisition},
  author={Pearl, Lisa and Sprouse, Jon},
  year= {2018},
  note={lingbuzz/003913}
}

@unpublished{scontrasetalproblang,
	Author = {Gregory Scontras and Michael Henry Tessler and Michael Franke},
	Date-Added = {2017-12-19 16:53:49 +0000},
	Date-Modified = {2017-12-19 16:54:53 +0000},
	Note = {Retrieved from https://www.problang.org},
	Title = {Probabilistic language understanding: An introduction to the {R}ational {S}peech {A}ct framework},
	Year = {electronic}}