%---------------------------------------------------------------------------------------------
%My Bibliography Database
%MyBib.bib
%---------------------------------------------------------------------------------------------

%By K.J. Savinelli

@book{grice1991studies,
  title={Studies in the Way of Words},
  author={Grice, H Paul},
  year={1991},
  publisher={Harvard University Press}
}

@book{clark1996using,
  title={Using language},
  author={Clark, Herbert H},
  year={1996},
  publisher={Cambridge university press}
}

@inbook{Bach04,
author =       {Kent Bach},
title =        {The Semantics/Pragmatics Distinction},
chapter =      {Minding the Gap, in C. Bianchi (ed.)},
publisher =    {Stanford: CSLI Publications},
year =         "2004"
}

@PhdThesis{Muso1998,
author = {Julien Musolino},
title = {UNIVERSAL GRAMMAR AND THE ACQUISITION OF SEMANTIC KNOWLEDGE: An Experimental Investigation into the Acquisition of QuantifierNegation Interaction in English},
school = {University of Maryland, College Park},
year = "1998",
type = {Doctoral dissertation} 
}

@inbook{GoodmanLassiter2015, 
author = {Goodman, Noah D. and Lassiter, Daniel}, 
booktitle = {The Handbook of Contemporary Semantic Theory, 2nd Edition}, 
editor = {Lappin, Shalom and Fox, Chris}, publisher = {Wiley-Blackwell},
title = {Probabilistic Semantics and Pragmatics: Uncertainty in Language and Thought}, 
website = {papers/GoodmanLassiter2015-Chapter.pdf}, 
year = {2015} 
}

@article{MuLid2006,
author = {Julien Musolino and Jeffrey Lidz},
title = {Why children aren't universally successful with quantification},
journal = {Linguistics},
year = "2006",
volume = "44",
pages = "817-852"
}

@article{gualmini2008rise,
  title={The rise and fall of Isomorphism},
  author={Gualmini, Andrea},
  journal={Lingua},
  volume={118},
  number={8},
  pages={1158--1176},
  year={2008},
  publisher={Elsevier}
}

@article{viau2010priming,
  title={Priming of abstract logical representations in 4-year-olds},
  author={Viau, Joshua and Lidz, Jeffrey and Musolino, Julien},
  journal={Language Acquisition},
  volume={17},
  number={1-2},
  pages={26--50},
  year={2010},
  publisher={Taylor \& Francis}
}

@inproceedings{kao2015irony,
 author = {Kao, Justine T and Goodman, Noah D.},
 booktitle = {Proceedings of the Thirty-Seventh Annual Conference of the {C}ognitive {S}cience {S}ociety}, 
 date-modified = {2015-07-30 15:56:19 +0000}, 
 title = {Let's talk (ironically) about the weather: Modeling verbal irony},
 website = {papers/KaoEtAl2015-Cogsci.pdf},
 year = {2015}
}

@article{pearl2009using,
  title={Using computational modeling in language acquisition research},
  author={Pearl, Lisa},
  journal={Experimental Methods in Language Acquisition Research},
  pages={163--184},
  year={2009}
}

@article{KaoEtAl2015-Puns, author = {Kao, Justine T and Levy, Roger and Goodman, Noah D}, date-modified = {2015-07-30 15:54:33 +0000}, journal = {Cognitive Science}, title = {A computational model of linguistic humor in puns}, website = {papers/KaoEtAl2015-CognitiveScience.pdf}, year = {2015} 
}

@article{pearl2015computational,
  title={Computational modeling for language acquisition: A tutorial with syntactic islands},
  author={Pearl, Lisa S and Sprouse, Jon},
  journal={Journal of Speech, Language, and Hearing Research},
  year={2015},
  publisher={ASHA}
}

@misc{pearlstatistical,
  title={Statistical learning, inductive bias, and bayesian inference in language acquisition},
  author={Pearl, L and Goldwater, S},
  publisher={Oxford handbook of developmental linguistics. Oxford University Press}
}

@article{conroy2009fleeting,
  title={The fleeting isomorphism effect},
  author={Conroy, Anastasia and Lidz, Jeffrey and Musolino, Julien},
  journal={Language Acquisition},
  volume={16},
  number={2},
  pages={106--117},
  year={2009},
  publisher={Taylor \& Francis}
}

@article{gualmini2008question,
  title={The question--answer requirement for scope assignment},
  author={Gualmini, Andrea and Hulsey, Sarah and Hacquard, Valentine and Fox, Danny},
  journal={Natural language semantics},
  volume={16},
  number={3},
  pages={205--237},
  year={2008},
  publisher={Springer}
}

@article{gualmini2004some,
  title={Some knowledge children don't lack},
  author={Gualmini, Andrea},
  journal={Linguistics},
  pages={957--982},
  year={2004},
  publisher={WALTER DE GRUYTER \& CO.}
}

@article{goodman2013knowledge,
  title={Knowledge and implicature: Modeling language understanding as social cognition},
  author={Goodman, Noah D and Stuhlm{\"u}ller, Andreas},
  journal={Topics in cognitive science},
  volume={5},
  number={1},
  pages={173--184},
  year={2013},
  publisher={Wiley Online Library}
}

@inproceedings{bergen2012s,
  title={That’s what she (could have) said: How alternative utterances affect language use},
  author={Bergen, Leon and Goodman, Noah D and Levy, Roger},
  booktitle={Proceedings of the thirty-fourth annual conference of the cognitive science society},
  pages={120--125},
  year={2012},
  organization={Citeseer}
}

@inproceedings{stiller2011ad,
  title={Ad-hoc scalar implicature in adults and children},
  author={Stiller, Alex and Goodman, Noah D and Frank, Michael C},
  booktitle={Proceedings of the 33rd annual meeting of the cognitive science society, boston, july},
  year={2011},
  organization={Citeseer}
}

@misc{LidzScopeRev,
  title={Quantification and Scope in Child Language},
  author={Lidz, J},
  publisher={to appear in the Oxford handbook of developmental linguistics},
  year = {2015}
}

@article{frank2012predicting,
  title={Predicting pragmatic reasoning in language games},
  author={Frank, Michael C and Goodman, Noah D},
  journal={Science},
  volume={336},
  number={6084},
  pages={998--998},
  year={2012},
  publisher={American Association for the Advancement of Science}
}

@misc{bergen2014pragmatic,
  title={Pragmatic Reasoning through Semantic Inference},
  author={Bergen, Leon and Levy, Roger and Goodman, Noah D},
  year={2014}
}

@article{kao2014numbers,
  title={Nonliteral understanding of number words},
  author={Kao, Justine T and Wu, Jean Y and Bergen, Leon and Goodman, Noah D},
  journal={Proceedings of the National Academy of Sciences},
  volume={111},
  number={33},
  pages={12002--12007},
  year={2014},
  publisher={National Acad Sciences}
}

@inproceedings{kao2014metaphor,
  title={Formalizing the pragmatics of metaphor understanding},
  author={Kao, Justine T and Bergen, Leon and Goodman, Noah D},
  booktitle={Proceedings of the 36th Annual Meeting of the Cognitive Science Society},
  pages={719--724},
  year={2014}
}

@article{bergen2015strategic,
  title={The strategic use of noise in pragmatic reasoning},
  author={Bergen, Leon and Goodman, Noah D},
  journal={Topics in cognitive science},
  volume={7},
  number={2},
  pages={336--350},
  year={2015},
  publisher={Wiley Online Library}
}

@inproceedings{pearl2011far,
  title={How far can indirect evidence take us? Anaphoric one revisited},
  author={Pearl, Lisa and Mis, Benjamin},
  booktitle={Proceedings of the 33rd annual Conference of the Cognitive Science Society},
  pages={879--884},
  year={2011},
  organization={Citeseer}
}

@article{frank2009using,
  title={Using speakers' referential intentions to model early cross-situational word learning},
  author={Frank, Michael C and Goodman, Noah D and Tenenbaum, Joshua B},
  journal={Psychological Science},
  volume={20},
  number={5},
  pages={578--585},
  year={2009},
  publisher={SAGE Publications}
}

@article{tieu2015isomorphism,
  title={Isomorphism for all (but not both): Floating as a means to investigate scope},
  author={Tieu, Lyn},
  journal={Language Acquisition},
  number={ahead-of-print},
  pages={1--16},
  year={2015},
  publisher={Taylor \& Francis}
}
%This citation is for demonstration that adults and children have equivalent grammatical competence, suggesting that the behavioral descrepancy might be pragmatic

@article{musolino2006semantics,
  title={On the semantics of the subset principle},
  author={Musolino, Julien},
  journal={Language Learning and Development},
  volume={2},
  number={3},
  pages={195--218},
  year={2006},
  publisher={Taylor \& Francis}
}

@book{grice1970logic,
  title={Logic and conversation},
  author={Grice, Herbert P},
  year={1970},
  publisher={na}
}


@book{austin1975things,
  title={How to do things with words},
  author={Austin, John Langshaw},
  volume={367},
  year={1975},
  publisher={Oxford university press}
}


@article{roberts2012information,
  title={Information structure in discourse: Towards an integrated formal theory of pragmatics},
  author={Roberts, Craige},
  journal={Semantics and Pragmatics},
  volume={5},
  number={6},
  pages={1--69},
  year={2012},
  publisher={Citeseer}
}
%This is the formal theory of pragmatics paper

@inproceedings{conroy2008surface,
  title={Surface scope as a default: The effect of time in resolving quantifier scope ambiguity},
  author={Conroy, Anastasia and Fults, Scott and Musolino, Julien and Lidz, Jeffrey},
  booktitle={Poster presented at the 21st CUNY Conference on Sentence Processing, March},
  volume={13},
  year={2008}
}
%This is a poster, but the citation shows up in the Lidz 2014 review

@article{muso2003turn,
  title={The scope of isomorphism: Turning adults into children},
  author={Musolino, Julien and Lidz, Jeffrey},
  journal={Language Acquisition},
  volume={11},
  number={4},
  pages={277--291},
  year={2003},
  publisher={Taylor \& Francis}
}

@article{lidz2002children,
  title={Children's command of quantification},
  author={Lidz, Jeffrey and Musolino, Julien},
  journal={Cognition},
  volume={84},
  number={2},
  pages={113--154},
  year={2002},
  publisher={Elsevier}
}

@article{noveck2007autism,
  title={What autism can reveal about every… not sentences},
  author={Noveck, Ira A and Guelminger, Raphaele and Georgieff, Nicolas and Labruyere, Nelly},
  journal={Journal of Semantics},
  volume={24},
  number={1},
  pages={73--90},
  year={2007},
  publisher={Oxford Univ Press}
}

@inproceedings{degen2014lost,
  title={Lost your marbles? The puzzle of dependent measures in experimental pragmatics},
  author={Degen, Judith and Goodman, Noah D},
  booktitle={Proceedings of the 36th annual conference of the cognitive science society},
  pages={397--402},
  year={2014}
}

@unpublished{tessler2016manuscript, annote = {(Manuscript)}, author = {Tessler, Michael Henry and Goodman, Noah D.}, date-modified = {2016-08-09 19:40:21 +0000}, journal = {arXiv:1608.02926}, title = {A Pragmatic Theory of Generic Language}, note = {http://arxiv.org/abs/1608.02926}, year = {2016} }

@inproceedings{Lassiter2013, author = {Lassiter, D. and Goodman, N. D.}, booktitle = {Semantics and {L}inguistic {T}heory {(SALT)} 23}, date-added = {2013-08-17 20:32:09 +0000}, date-modified = {2015-12-21 20:38:44 +0000}, pages = {587--610}, title = {Context, scale structure, and statistics in the interpretation of positive-form adjectives}, website = {http://journals.linguisticsociety.org/proceedings/index.php/SALT/article/view/2658/2404}, year = {2013} }

@incollection{musolino2006structure,
  title={Structure and meaning in the acquisition of scope},
  author={Musolino, Julien},
  booktitle={Semantics in acquisition},
  pages={141--166},
  year={2006},
  publisher={Springer}
}

@article{hulsey2004question,
  title={The question-answer requirement and scope assignment},
  author={Hulsey, Sarah and Hacquard, Valentine and Fox, Danny and Gualmini, Andrea},
  journal={MIT working papers in Linguistics},
  volume={48},
  pages={71--90},
  year={2004}
}

@article{wason1965contexts,
  title={The contexts of plausible denial},
  author={Wason, Peter C},
  journal={Journal of verbal learning and verbal behavior},
  volume={4},
  number={1},
  pages={7--11},
  year={1965},
  publisher={Elsevier}
}

@phdthesis{anderson2004structure,
  title={The structure and real-time comprehension of quantifier scope ambiguity},
  author={Anderson, Catherine},
  year={2004},
  school={Northwestern University}
}F

@inproceedings{crain1985acquisition,
  title={The acquisition of structural restrictions on anaphora},
  author={Crain, Stephen and McKee, Cecile},
  booktitle={Proceedings of NELS},
  volume={15},
  pages={94--110},
  year={1985}
}



